@INPROCEEDINGS{huang+zhu,
	author={Yi Huang and Xu Zhu},
	booktitle={Antennas and Propagation Society International Symposium,
		2005 IEEE}, title={Microwave oven field uniformity analysis},
	year={2005},
	month=july,
	volume={3B},
	number={},
	pages={ 217 - 220 vol. 3B},
	keywords={ computer simulation; dyadic Green function; field uniformity
		analysis; microwave oven; Green's function methods;
		electromagnetic fields; microwave ovens;},
	doi={10.1109/APS.2005.1552475},
	ISSN={},}

@Book{abramowitz+stegun,
 author    = "Milton {Abramowitz} and Irene A. {Stegun}",
 title     = "Handbook of Mathematical Functions with
              Formulas, Graphs, and Mathematical Tables",
 publisher = "Dover",
 year      =  1964,
 address   = "New York",
 edition   = "ninth Dover printing, tenth GPO printing"
}

