@INPROCEEDINGS{huang+zhu,
	author={Yi Huang and Xu Zhu},
	booktitle={Antennas and Propagation Society International Symposium,
		2005 IEEE}, title={Microwave oven field uniformity analysis},
	year={2005},
	month=July,
	volume={3B},
	number={},
	pages={ 217 - 220 vol. 3B},
	keywords={ computer simulation; dyadic Green function; field uniformity
		analysis; microwave oven; Green's function methods;
		electromagnetic fields; microwave ovens;},
	doi={10.1109/APS.2005.1552475},
	ISSN={},}

@Book{abramowitz+stegun,
 author    = "Milton {Abramowitz} and Irene A. {Stegun}",
 title     = "Handbook of Mathematical Functions with
              Formulas, Graphs, and Mathematical Tables",
 publisher = "Dover",
 year      =  1964,
 address   = "New York",
 edition   = "ninth Dover printing, tenth GPO printing"
}

@article{ZhuEtAl,
title = "Evaluation and comparison of thermal conductivity of food materials at high pressure",
journal = "Food and Bioproducts Processing",
volume = "86",
number = "3",
pages = "147 - 153",
year = "2008",
note = "",
issn = "0960-3085",
doi = "DOI: 10.1016/j.fbp.2006.08.001",
url = "http://www.sciencedirect.com/science/article/B8JGD-4T1SFW6-1/2/defb60a1bb75eae1d76d23e03d9265de",
author = "Songming Zhu and Michèle Marcotte and Hosahalli Ramaswamy and Yanwen Shao and Alain Le-Bail",
keywords = "High pressure",
keywords = "Thermal conductivity",
keywords = "Food",
keywords = "Line heat source"
}

@article{namba,
	title="Low Voltage Magnetron for Microwave Ovens",
	journal="Journal of Microwave Power",
	volume="16",
	number="3",
	pages="257 - 261",
	year="1981",
	author="I. Namba and N. Tashiro and M. Kume and T. Kawaguchi and T. Azuma"
}

@article{nykvist,
	title="Microwave Meat Rosting",
	journal="Journal of Microwave Power",
	volume="11",
	number="1",
	pages="3-24",
	year="1976",
	author="William E. Nykvist and Robert V. Decareau"
}

@misc{intarwebz,
	Author="Erik Christensen",
	Howpublished={\url{http://www.timesoftheinternet.com/absolutely-scrumptious/how-to-make-crispy-bacon/}},
	Title="How to Make Crispy Bacon"
}

@article{maillard,
	title="Genèse des Matières Protéiques et des Matières Humiques",
	institution="Faculté de Médecine de Paris",
	year="1913",
	author="Louis Camille Maillard"
}

@article{poirier,
	title="Permeability for Flow of Interdendritic Liquid in Columnar-Dendritic Alloys",
	journal="Met. Trans. B.",
	volume="18B",
	pages="245-256",
	year="1987",
	author="D. R. Poirier"
}

@article{brent,
	title="The Enthalpy Porosity Approach for Modeling Convection-Diffusion Phase Change",
	journal="Numerical Heat Transfer",
	volume="13",
	pages="297-318",
	year="1988",
	author="A. D. Brent and V. R. Voller and K. J. Reid"
}
<<<<<<< HEAD

@article{deepfrying,
title = "Mass, thermal and quality aspects of deep-fat frying of pork meat",
journal = "Journal of Food Engineering",
volume = "77",
number = "3",
pages = "731 - 738",
year = "2006",
note = "Special Section: CHISA 2004 (pp. 379-471)",
issn = "0260-8774",
doi = "DOI: 10.1016/j.jfoodeng.2005.07.033",
url = "http://www.sciencedirect.com/science/article/B6T8J-4H80SR0-2/2/4646ca8508059fee8ed7c2f09fd96d15",
author = "María Elena Sosa-Morales and Ronald Orzuna-Espíritu and Jorge F. Vélez-Ruiz",
keywords = "Frying",
keywords = "Pork meat",
keywords = "Heat and mass transfer",
keywords = "Physical properties"
}

@article{bacon-safety-micro,
author = {Pensabene, J. W. and Fiddler, W. and Gates, R. A. and Fagan, J. C. and Wasserman, A. E.},
title = {Effect of frying and other cooking conditions on nitrosopyrrolidine formation in bacon},
journal = {Journal of Food Science},
volume = {39},
number = {2},
publisher = {Blackwell Publishing Ltd},
issn = {1750-3841},
url = {http://dx.doi.org/10.1111/j.1365-2621.1974.tb02883.x},
doi = {10.1111/j.1365-2621.1974.tb02883.x},
pages = {314--316},
year = {1974},
}

@article{bacon-safety-original,
author = {Sen, Nrisinha P. and Seaman, Stephen and Miles, Walter F.},
title = {Volatile nitrosamines in various cured meat products: effect of cooking and recent trends},
journal = {Journal of Agricultural and Food Chemistry},
volume = {27},
number = {6},
pages = {1354-1357},
year = {1979},
doi = {10.1021/jf60226a052},
URL = {http://pubs.acs.org/doi/abs/10.1021/jf60226a052},
eprint = {http://pubs.acs.org/doi/pdf/10.1021/jf60226a052}
}

@article{meat-cooking-numerical,
title = "Prediction of cooking times and weight losses during meat roasting",
journal = "Journal of Food Engineering",
volume = "100",
number = "1",
pages = "1 - 11",
year = "2010",
note = "",
issn = "0260-8774",
doi = "DOI: 10.1016/j.jfoodeng.2010.03.016",
url = "http://www.sciencedirect.com/science/article/B6T8J-4YMY6TS-3/2/db3bc41fc8ebc62d7aefcf9b474a1c6c",
author = "Sandro M. Goñi and Viviana O. Salvadori",
keywords = "Meat cooking",
keywords = "Simulation",
keywords = "Dripping loss",
keywords = "Evaporative loss"
}

@article{chicken-numerics,
author = {Aklilu T. G. Giorges and John Stewart and John A. Pierson},
collaboration = {},
title = {Experiment and 2D Numerical Simulation of Cooking Process of Chicken Breast},
publisher = {ASME},
year = {2009},
journal = {ASME Conference Proceedings},
volume = {2009},
number = {43826},
pages = {701-708},
url = {http://link.aip.org/link/abstract/ASMECP/v2009/i43826/p701/s1},
doi = {10.1115/IMECE2009-12859}
}

@article{pork-cooking-diffusion,
title = "Dual mode diffusion and sorption of sodium chloride in pork meats under cooking conditions",
journal = "LWT - Food Science and Technology",
volume = "42",
number = "6",
pages = "1153 - 1163",
year = "2009",
note = "",
issn = "0023-6438",
doi = "DOI: 10.1016/j.lwt.2009.02.002",
url = "http://www.sciencedirect.com/science/article/B6WMV-4VKP479-2/2/791d4c2f51fc504b7c327e37fe122e06",
author = "H. Hashiba and H. Gocho and J. Komiyama",
keywords = "Diffusion",
keywords = "NaCl",
keywords = "Pork",
keywords = "Foodstuff",
keywords = "Cooking"
}

@article{pork-chops,
author = {Novakofski, J. and Park, S. and Bechtel, P. J. and McKeith, F. K.},
title = {Composition of Cooked Pork Chops: Effect of Removing Subcutaneous Fat Before Cooking},
journal = {Journal of Food Science},
volume = {54},
number = {1},
publisher = {Blackwell Publishing Ltd},
issn = {1750-3841},
url = {http://dx.doi.org/10.1111/j.1365-2621.1989.tb08556.x},
doi = {10.1111/j.1365-2621.1989.tb08556.x},
pages = {15--17},
year = {1989},
}
=======
@inbook{aarseth,
	author="Jan Bjarte Aarseth",
	title="Numeriske Beregningsmetoder",
	chapter="5.4.4: Von Neumanns generelle stabilitetsbetingelse",
	pages="208-210",
	year="2010",
	school="Norwegian University of Science and Technology"
}
	
	
>>>>>>> 300b4d8c5bfe2283c468575d1a6e3bde35e1b0c7
