@inbook{schwartz,
	author="Roger Schwartz",
	title="The Skilled Facilitator",
	chapter="5: Ground rules for effective groups",
	publisher="Jossey-Bass",
	year="1994"
}


